2976 5010
156 351 217 430 256
411 355 446 413 P.
476 354 681 414 CORNELII
707 354 849 413 TACITI
872 353 1106 412 ANNALIUM
1166 361 1359 429 [A.U.C.768.

157 516 310 581 lacrimas
334 538 441 601 neque
466 539 546 582 voce
570 517 723 599 supplex,
746 517 942 600 compressis
966 517 1050 581 intra
1073 517 1180 580 sinum
1205 515 1360 578 manibus

157 623 331 705 gravidum
350 633 478 687 uterum
501 623 641 687 intuens.
686 621 875 685 ferebantur
891 631 925 685 et
939 621 1047 703 spolia
1062 621 1227 684 Varianae
1246 619 1359 695 cladis,
1375 628 1395 680 6

158 724 322 809 plerisque
337 746 450 790 eorum
466 728 522 810 qui
539 737 610 791 tum
627 727 659 789 in
681 727 884 789 deditionem
907 726 1082 789 veniebant
1099 726 1242 806 praedae
1258 725 1358 787 data:

157 829 256 895 simul
281 831 437 912 Segestes
463 831 543 914 ipse,
569 830 684 912 ingens
710 830 782 893 visu
813 839 846 893 et
874 830 1032 893 memoria
1060 830 1166 892 bonae
1190 827 1359 892 societatis

129 933 341 1015 sinpavidus.

201 1041 261 1106 58.
285 1038 396 1101 Verba
413 1039 483 1102 eius
504 1038 536 1099 in
558 1036 644 1101 hunc
666 1039 801 1102 modum
822 1036 933 1101 fuere:
957 1042 1041 1102 ‘non
1063 1036 1116 1100 hic
1136 1036 1216 1099 mihi
1233 1036 1359 1118 primus

158 1161 236 1222 erga
263 1141 422 1222 populum
449 1141 637 1205 Romanum
663 1139 739 1205 fidei
764 1138 798 1205 e't
823 1143 1031 1207 constantiae
1054 1142 1133 1205 dies.
1177 1162 1221 1204 ex
1247 1159 1315 1221 quo
1340 1157 1395 1210 aa

157 1246 236 1309 divo
248 1243 405 1328 Augusto
417 1246 549 1309 civitate
564 1246 706 1310 donatus
718 1267 801 1324 sum,
813 1247 937 1311 amicos
955 1247 1171 1327 inimicosque
1187 1266 1230 1308 ex
1243 1245 1360 1308 vestris

138 1348 357 1413 'utilitatibus
379 1349 499 1434 delegi,
515 1370 621 1433 neque
645 1351 723 1415 odio
746 1351 873 1434 patriae
888 1349 1025 1434 (quippe
1049 1350 1234 1431 proditores
1257 1350 1358 1413 etiam

115 1479 146 1517 ro
160 1453 199 1517 iis
215 1475 299 1537 quos
313 1464 521 1536 anteponunt
537 1455 630 1518 invisi
646 1451 743 1541 sunt),
759 1476 874 1519 verum
896 1455 974 1537 quia
991 1454 1152 1518 Romanis
1170 1453 1358 1517 Germanis·

159 1577 225 1640 que
250 1559 339 1622 idem
363 1559 547 1623 conducere
570 1573 603 1622 et
628 1579 744 1643 pacem
768 1579 869 1642 quam
892 1559 1015 1622 bellum
1040 1559 1232 1640 probabam.
1278 1575 1393 1639 ergon

159 1672 326 1745 raptorem
345 1662 430 1726 filiae
450 1683 551 1739 meae,
566 1662 760 1727 violatorem
777 1662 917 1727 foederis
936 1662 1043 1735 vestri,
1060 1661 1250 1724 Arminium
1266 1662 1355 1743 apud

158 1765 295 1843 Varum,
310 1768 367 1849 qui
391 1778 462 1830 tum
485 1766 646 1830 exercitui
670 1767 888 1850 praesidebat,
905 1787 997 1830 reum
1020 1766 1091 1830 feci.
1136 1765 1259 1830 dilatus
1283 1786 1398 1849 seg-4

160 1870 242 1934 nitia
257 1871 358 1947 ducis,
372 1872 450 1953 quia
466 1891 583 1954 parurn
600 1871 753 1952 praesidii
771 1871 805 1934 in
826 1870 954 1954 legibus
974 1882 1053 1946 erat,
1070 1881 1106 1934 ut
1123 1890 1176 1934 me
1194 1880 1227 1933 ct
1242 1869 1358 1932 Armi·

116 1998 145 2050 15
159 1975 250 2065 nium
274 1984 306 2037 et
330 1976 479 2039 conscios
497 1975 633 2040 vinciret
652 1974 818 2058 flagitavi:
842 1975 936 2040 testis
956 1974 1011 2039 illa
1030 1995 1109 2050 nox,
1131 1974 1209 2038 mihi
1231 1976 1358 2038 utinam

159 2078 269 2161 potius
286 2078 479 2142 novissima!
504 2098 590 2160 quae
605 2090 719 2144 secuta
739 2089 825 2153 sunt,
842 2078 956 2143 defleri
982 2080 1086 2161 magis
1106 2099 1205 2161 quam
1226 2076 1395 2148 defendis

159 2192 318 2265 possunt:
347 2195 492 2246 ceterum
517 2195 550 2246 et
574 2182 668 2247 inieci
691 2192 823 2248 catenas
847 2182 1003 2248 Arminio
1027 2193 1061 2247 et
1083 2203 1103 2246 a
1127 2180 1267 2247 factione
1291 2182 1361 2244 eius

160 2286 296 2350 iniectas
312 2306 486 2369 perpessus
501 2308 585 2350 sum.
616 2299 718 2370 atque
734 2288 789 2351 ubi
807 2288 949 2370 primum
961 2287 1009 2352 tui
1023 2287 1129 2370 copia,
1141 2298 1252 2350 vetera
1268 2286 1361 2350 novis
1376 2307 1396 2358 6

159 2399 193 2453 et
209 2391 320 2471 quieta
336 2391 477 2455 turbidis
493 2390 690 2465 antehabeo,
703 2411 811 2474 neque
827 2394 871 2456 ob
888 2392 1082 2476 praemium,
1092 2391 1151 2455 sed
1169 2401 1205 2454 ut
1222 2410 1274 2453 me
1287 2410 1361 2471 per-

116 2518 147 2553 20
160 2491 239 2557 lidia
254 2493 434 2570 exsolvam,
450 2494 548 2558 simul
572 2496 662 2577 genti
688 2495 932 2560 Germanorum
956 2496 1092 2559 idoneus
1116 2495 1318 2571 conciliator,
1334 2494 1361 2556 si

162 2598 400 2680 paenitentiam
424 2619 524 2681 quarn
548 2600 725 2681 perniciem
750 2599 913 2664 maluerit.
958 2620 1018 2683 pro
1042 2600 1174 2663 iuventa
1197 2610 1231 2662 et
1254 2613 1395 2668 errore7

161 2700 217 2764 filii
248 2703 379 2766 veniam
407 2723 541 2786 precor:
576 2702 679 2767 filiam
706 2704 904 2768 necessitate
936 2705 1000 2768 huc
1031 2704 1211 2767 adductam
1246 2701 1360 2767 fateor.

159 2816 255 2870 tuum
268 2808 329 2870 erit
340 2808 534 2885 consultare,
546 2818 656 2872 utrum
670 2808 869 2890 praevaleat,
882 2810 972 2890 quod
987 2830 1030 2872 ex
1047 2807 1199 2870 Arminio
1211 2809 1362 2890 concepit

160 2932 202 2975 an
225 2912 315 2993 quod
340 2932 383 2975 ex
408 2931 462 2975 me
485 2912 598 2995 genita
621 2910 690 2976 est.’
737 2912 860 2977 Caesar
885 2913 1039 2978 clementi
1068 2932 1225 2995 responso
1251 2911 1398 2975 liberis8

117 3036 145 3087 ²5
161 3016 420 3099 propinquisque
436 3017 506 3079 eius
523 3015 794 3093 incolumitatem,
811 3017 873 3101 ipsi
889 3019 1002 3082 sedem
1019 3027 1130 3080 vetere
1146 3017 1177 3077 in
1196 3016 1363 3098 provincia

198 3205 238 3242 21.
253 3192 394 3257 permitiem
408 3191 477 3241 Med.
489 3193 506 3243 i.
517 3193 664 3258 constantly.
772 3208 812 3257 ²5·
829 3145 926 3244 ueterb:
945 3193 1034 3243 Vetera
1047 3194 1078 3258 (c.
1091 3208 1132 3257 45,
1149 3193 1174 3256 1)
1186 3192 1238 3256 Jae.
1252 3193 1330 3241 Gron.

193 3308 217 3355 4.
236 3296 326 3340 bonae
346 3294 500 3347 societatis,
522 3292 646 3343 ‘alliance
665 3293 738 3342 saith·
822 3295 859 3342 18.
878 3297 921 3342 tui
944 3296 1034 3349 eopia,
1058 3297 1156 3342 ‘necess
1179 3301 1206 3341 to
1228 3292 1305 3355 you':
1335 3307 1364 3340 so

160 3358 222 3420 sully
234 3358 311 3421 kept,'
323 3357 375 3406 like
387 3363 393 3385 ⁴
404 3358 469 3405 bona
481 3355 559 3416 fides,’
571 3362 618 3408 &n
786 3360 855 3409 ‘eius
871 3357 959 3424 copia*
978 3359 1058 3407 Plaut.
1077 3358 1145 3407 Trin.
1166 3372 1187 3417 3.
1207 3371 1228 3409 a.
1242 3371 1271 3419 45
1283 3373 1288 3414 ;
1306 3356 1362 3406 Ter.

194 3424 216 3471 ⁸.
235 3426 352 3472 civitate
364 3427 493 3471 donatus.
512 3424 552 3472 On
565 3423 607 3472 the
619 3423 738 3473 bestowal
786 3425 887 3473 Phorm.
916 3439 936 3473 1.
963 3439 986 3482 2,
1009 3425 1056 3487 63;
1085 3424 1178 3472 oltener
1205 3424 1264 3472 with
1291 3429 1363 3472 ‘eon-

160 3489 189 3539 οἱ
197 3489 239 3538 the
249 3494 255 3517 ‘
264 3486 365 3538 civitas’
375 3489 407 3553 by
417 3489 458 3538 the
467 3490 580 3554 princeps
593 3505 634 3538 see
645 3490 739 3539 Introd.
785 3490 914 3540 veniendi?

160 3555 194 3604 vi.
207 3570 231 3618 p.
245 3556 290 3616 87:
308 3556 409 3603 Staatsr.
425 3555 449 3603 ii.
463 3558 518 3617 891.
822 3570 859 3619 ¹9·
877 3559 1041 3614 antehabeo,
1057 3571 1137 3604 anew
1149 3554 1217 3603 word
1228 3553 1332 3617 (introd.
1340 3569 1363 3601 v.

195 3634 238 3675 ex,
258 3620 296 3668 ‘in
316 3621 466 3669 accordanee
486 3619 577 3679 with’;
602 3621 741 3684 analogous
786 3622 827 3685 69.
840 3622 875 3685 5),
888 3623 947 3686 only
958 3621 1015 3670 here
1026 3621 1075 3669 and
1087 3637 1110 3681 4.
1126 3634 1163 3679 11,
1176 3637 1199 3685 5.

160 3692 189 3735 to
202 3691 246 3734 ‘ex
259 3684 396 3743 sententia,⁸
411 3692 456 3734 ‘ex
469 3684 553 3743 more‚'
563 3691 609 3736 &a
822 3700 859 3737 ar.
879 3690 1083 3744 paenitentiam
1100 3702 1184 3744 quam
1201 3688 1363 3743 perniciem.

198 3764 235 3800 rr.
253 3755 419 3808 conducere,
440 3768 473 3801 se.
491 3749 665 3809 ‘iudicabam’
682 3768 740 3816 sup
786 3753 841 3801 The
858 3752 1006 3802 alliteration
1024 3752 1081 3801 here
1100 3753 1151 3816 (cp.
1167 3768 1189 3802 c.
1203 3766 1243 3816 4¹·
1257 3754 1282 3813 4)
1301 3751 1365 3800 adds

161 3817 228 3882 plied
248 3817 279 3879 by
297 3832 398 3880 zeugma
415 3816 480 3865 lrom
497 3815 666 3881 ‘probabam’
699 3823 739 3867 On
787 3827 814 3868 to
825 3819 867 3867 the
878 3819 1021 3867 antithesis:
1040 3833 1077 3882 cp.
1090 3816 1112 3868 6.
1127 3820 1149 3871 8.
1165 3831 1193 3873 a:
1213 3818 1247 3866 1·1.
1261 3831 1280 3865 1.
1290 3820 1329 3880 48,
1342 3830 1362 3874 1,

161 3883 203 3932 the
222 3883 340 3930 omission
359 3883 388 3931 ol
406 3881 514 3947 ‘magis'
533 3884 616 3933 before
634 3884 740 3948 ‘cluam'
787 3884 835 3932 and
848 3884 919 3933 other
930 3886 1052 3933 instnnees
1062 3884 1135 3947 given
1148 3884 1181 3947 by
1192 3883 1271 3947 Nipp.
1303 3883 1365 3930 This

162 3964 201 4013 cp.
214 3947 308 3997 Introd.
322 3964 345 3997 v.
360 3952 372 4007 5
386 3948 425 4009 64.
787 3949 918 3999 rhetorical
935 3950 1013 4014 figure
1028 3951 1049 3998 is
1064 3949 1196 4013 especially
1207 3964 1323 3997 common
1340 3947 1364 3995 in

197 4027 233 4062 12.
251 4018 637 4070 raptorem...violatorem.
661 4015 742 4064 These
787 4015 829 4064 the
842 4016 977 4066 Germania
988 4015 1036 4064 aad
1050 4014 1176 4078 Agricola.
1212 4014 1258 4063 See
1271 4013 1364 4064 Introd.

161 4078 269 4143 poetieal
281 4079 363 4127 words
379 4095 421 4129 are
439 4079 517 4129 suited
535 4091 561 4129 to
578 4097 592 4128 a
608 4080 742 4130 rhetorical
788 4081 819 4131 G.
832 4097 857 4146 p.
872 4094 908 4131 ro.

163 4160 276 4256 passage,
294 4144 336 4193 the
357 4145 448 4193 lormer
466 4146 540 4209 being
560 4147 617 4195 thus
636 4146 694 4195 used
717 4147 741 4194 in
822 4159 860 4207 ²3·
878 4149 1046 4207 praevaleat,
1060 4162 1095 4197 sc.
1107 4146 1189 4212 ‘apud
1202 4145 1257 4196 te':
1274 4160 1312 4210 cp.
1327 4157 1364 4193 η.

187 4209 228 4258 ell.
243 4224 264 4258 a.
280 4220 318 4273 27,
335 4224 361 4266 1:
378 4210 421 4259 the
433 4211 507 4260 latter
518 4213 542 4260 in
555 4212 608 4260 Liv.
622 4229 645 4273 4.
660 4224 698 4274 19,
712 4224 734 4272 3.
787 4211 828 4276 64,
839 4212 863 4260 6.

199 4288 236 4337 15·
253 4290 319 4332 nox,
332 4276 385 4325 that
396 4278 424 4324 ol
434 4277 475 4325 the
487 4278 603 4343 banquet,
615 4293 636 4327 c.
650 4291 689 4341 55,
704 4291 726 4337 3.
822 4291 860 4341 ²5·
878 4284 974 4327 vetere
985 4281 1017 4326 in
1028 4281 1184 4334 provinoia.
1203 4277 1258 4325 The
1267 4292 1364 4341 expres·

199 4340 235 4388 16.
254 4355 325 4398 quae
341 4349 446 4390 secuta.
481 4343 544 4392 This
556 4343 655 4408 glauces
666 4351 692 4392 at
703 4343 742 4392 his
787 4343 841 4393 sion
861 4347 949 4393 ‘vetus
973 4341 1115 4408 provincia*
1135 4343 1317 4405 distinguishes.
1339 4343 1364 4390 in

163 4404 234 4454 share
246 4406 270 4454 in
283 4406 423 4465 hostilities,
435 4424 464 4456 as
477 4413 612 4458 ‘consensu
625 4410 705 4474 gentis
717 4409 741 4457 in
786 4409 845 4458 such
863 4425 931 4459 cases
948 4426 975 4457 as
987 4409 1073 4458 Africa
1085 4409 1120 4473 (3.
1136 4418 1174 4472 74,
1189 4410 1214 4471 5]
1228 4410 1275 4456 and
1290 4407 1366 4470 Sicily

163 4470 257 4520 bellum
269 4470 377 4521 tractus’
391 4474 423 4539 (c.
437 4488 476 4538 55,
490 4474 527 4538 4).
788 4474 853 4539 (Liv.
876 4488 914 4539 ²4·
932 4492 973 4539 44,
993 4488 1020 4536 a;
1045 4489 1083 4539 ²5·
1103 4489 1125 4537 3,
1143 4476 1179 4539 5),
1199 4475 1241 4523 the
1261 4471 1366 4538 original
