2976 5010
161 350 222 429 256
416 353 451 411 P.
481 353 685 412 CORNELII
712 352 854 412 TACITI
877 352 1111 410 ANNALIUM
1171 359 1364 427 [A.U.C.768.

162 515 314 580 lacrimas
340 536 446 599 neque
471 537 550 580 voce
575 515 728 598 supplex,
751 515 948 598 compressis
971 515 1055 579 intra
1078 515 1185 578 sinum
1210 513 1365 577 manibus

162 621 335 703 gravidum
354 631 483 685 uterum
506 620 646 685 intuens.
691 620 880 684 ferebantur
896 630 929 683 et
944 619 1052 702 spolia
1067 618 1231 682 Varianae
1251 617 1364 693 cladis,
1380 626 1400 678 6

163 723 327 807 plerisque
342 744 455 788 eorum
471 726 528 806 qui
544 735 615 788 tum
632 725 664 787 in
686 724 889 787 deditionem
912 724 1087 786 veniebant
1104 724 1247 804 praedae
1263 721 1363 784 data:

162 827 261 893 simul
286 829 442 911 Segestes
467 830 548 912 ipse,
574 829 689 910 ingens
715 829 787 891 visu
818 837 851 891 et
879 828 1037 892 memoria
1065 828 1171 890 bonae
1195 825 1364 889 societatis

134 931 346 1013 sinpavidus.

206 1039 266 1104 58.
290 1036 401 1098 Verba
418 1036 488 1100 eius
509 1037 541 1098 in
563 1034 649 1099 hunc
671 1038 807 1101 modum
827 1034 938 1100 fuere:
962 1040 1047 1099 ‘non
1068 1034 1121 1098 hic
1141 1034 1221 1097 mihi
1238 1034 1364 1116 primus

163 1159 241 1220 erga
268 1139 429 1221 populum
454 1139 642 1203 Romanum
668 1137 744 1204 fidei
768 1136 803 1203 et
828 1141 1036 1205 constantiae
1058 1140 1138 1203 dies.
1182 1160 1226 1202 ex
1253 1158 1320 1219 quo
1344 1155 1400 1208 aa

162 1243 240 1307 divo
253 1242 410 1326 Augusto
422 1245 554 1307 civitate
569 1244 711 1308 donatus
723 1264 806 1322 sum,
818 1246 942 1309 amicos
959 1244 1176 1325 inimicosque
1192 1264 1235 1306 ex
1248 1244 1364 1307 vestris

143 1346 362 1411 'utilitatibus
384 1348 504 1432 delegi,
520 1368 626 1432 neque
650 1349 728 1412 odio
751 1349 878 1432 patriae
893 1347 1030 1432 (quippe
1054 1349 1239 1429 proditores
1261 1349 1363 1411 etiam

120 1477 151 1515 ιο
164 1451 204 1515 iis
220 1473 304 1535 quos
319 1462 525 1534 anteponunt
542 1452 635 1516 invisi
651 1449 748 1539 sunt),
763 1473 878 1516 verum
902 1453 979 1533 quia
996 1452 1157 1516 Romanis
1175 1451 1363 1515 Germanis·

164 1575 230 1638 que
255 1556 343 1620 idem
368 1557 552 1621 conducere
575 1571 608 1620 et
634 1576 750 1639 pacem
773 1577 874 1640 quam
897 1556 1021 1619 bellum
1046 1557 1237 1637 probabam.
1283 1573 1398 1637 ergon

165 1670 332 1743 raptorem
350 1660 435 1724 filiae
455 1681 556 1737 meae,
570 1660 765 1725 violatorem
782 1660 922 1725 foederis
941 1660 1048 1732 vestri,
1065 1659 1254 1723 Arminium
1270 1661 1359 1740 apud

163 1763 300 1840 Varum,
316 1765 372 1847 qui
396 1775 467 1828 turn
490 1765 651 1828 exercitui
675 1765 893 1849 praesidebat,
910 1785 1002 1827 reum
1026 1763 1096 1828 leci.
1141 1763 1264 1828 dilatus
1288 1785 1403 1846 seg-4

165 1868 247 1932 nitia
262 1869 363 1945 ducis,
378 1871 455 1950 quia
471 1889 588 1952 parum
605 1869 757 1951 praesidii
777 1869 810 1932 in
831 1867 959 1953 legibus
978 1879 1058 1944 erat,
1075 1878 1111 1931 ut
1128 1888 1181 1931 me
1199 1878 1232 1931 et
1247 1867 1363 1930 Armi-

121 1996 150 2048 15
164 1972 254 2063 nium
279 1982 311 2036 et
335 1974 484 2036 conscios
501 1973 638 2037 vinciret
657 1972 823 2056 flagitavi:
847 1973 942 2038 testis
961 1971 1016 2036 illa
1035 1992 1115 2048 nox,
1136 1972 1214 2036 mihi
1236 1973 1362 2035 utinam

164 2076 274 2159 potius
291 2077 484 2141 novissima!
508 2096 595 2158 quae
610 2087 725 2141 secuta
744 2087 830 2151 sunt,
848 2076 961 2141 defleri
987 2077 1091 2159 magis
1111 2097 1210 2159 quarn
1232 2074 1364 2139 delendi
1380 2093 1400 2146 5

164 2190 322 2264 possunt:
352 2191 497 2244 ceterum
521 2192 556 2245 et
579 2181 673 2245 inieci
696 2190 828 2245 catenas
852 2180 1008 2245 Arminio
1032 2192 1065 2245 et
1088 2201 1108 2244 a
1132 2178 1272 2245 factione
1296 2180 1366 2242 eius

165 2284 300 2348 iniectas
317 2304 491 2368 perpessus
506 2305 589 2349 sum.
621 2296 723 2368 atque
738 2286 794 2349 ubi
811 2285 953 2367 primum
967 2285 1014 2349 tui
1029 2285 1134 2367 copia,
1145 2296 1257 2349 vetera
1273 2285 1366 2348 novis
1381 2304 1401 2356 6

164 2397 198 2451 et
213 2389 326 2470 quieta
341 2389 482 2452 turbidis
497 2388 695 2463 antehabeo,
709 2409 816 2471 neque
833 2391 876 2454 ob
893 2390 1087 2474 praemium,
1097 2388 1155 2453 sed
1174 2399 1210 2452 ut
1227 2408 1279 2452 me
1292 2407 1365 2470 per·

120 2516 152 2552 20
165 2490 243 2555 lidia
259 2492 439 2568 exsolvam,
455 2491 553 2556 simul
577 2493 667 2577 genti
693 2493 936 2558 Germanorum
961 2494 1097 2557 idoneus
1120 2493 1322 2569 conciliator,
1338 2492 1366 2554 si

166 2597 405 2678 paenitentiam
429 2618 530 2678 quarn
553 2599 731 2680 perniciem
755 2598 918 2663 maluerit.
963 2619 1023 2682 pro
1047 2598 1179 2660 iuventa
1203 2608 1235 2661 et
1258 2611 1400 2666 errorev

165 2698 222 2763 filii
252 2701 383 2764 veniam
412 2721 546 2784 precor:
581 2701 684 2766 filiam
712 2702 909 2767 necessitate
942 2702 1006 2766 huc
1036 2702 1216 2766 adductam
1250 2699 1365 2765 fateor.

164 2816 259 2868 tuum
273 2807 334 2869 erit
345 2805 539 2883 consultare,
551 2815 661 2870 utrum
675 2807 874 2888 praevaleat,
887 2808 977 2888 quod
992 2827 1035 2869 ex
1052 2804 1204 2868 Arminio
1216 2807 1366 2888 concepit

165 2928 207 2972 an
230 2910 320 2991 quod
345 2930 389 2972 ex
413 2930 467 2973 me
490 2911 603 2993 genita
627 2908 696 2975 est.’
743 2910 866 2975 Caesar
889 2911 1044 2976 clementi
1073 2930 1230 2993 responso
1256 2909 1403 2971 liberis8

122 3034 150 3085 ²5
166 3014 425 3097 propinquisque
441 3015 512 3077 eius
528 3013 799 3092 incolumitatem,
816 3014 878 3099 ipsi
894 3017 1008 3079 sedem
1024 3026 1134 3078 vetere
1151 3015 1183 3076 in
1200 3013 1368 3096 provincia

203 3203 242 3240 ar.
258 3190 400 3255 permitiern
413 3189 482 3239 Med.
494 3191 511 3242 i.
523 3191 669 3256 constantly.
777 3206 816 3255 25.
833 3143 932 3242 ueteres:
950 3191 1039 3241 Vetera
1052 3191 1084 3254 (c.
1097 3206 1137 3255 45,
1154 3191 1178 3254 1)
1190 3190 1242 3254 Jac.
1256 3191 1335 3239 Grou.

199 3307 222 3351 4.
241 3294 331 3338 bonae
351 3293 505 3348 societatis,
528 3291 651 3342 ‘alliance
670 3292 743 3342 saith·
826 3293 864 3341 18.
883 3295 926 3340 tul
949 3295 1039 3347 copia,
1063 3295 1160 3340 ‘necess
1183 3299 1210 3339 to
1233 3290 1310 3353 you':
1341 3305 1368 3337 so

165 3355 227 3418 lully
239 3356 316 3419 kept,'
329 3355 380 3404 like
393 3361 398 3383 ‘
409 3356 474 3404 bona
487 3354 564 3412 lides‚'
576 3361 623 3407 &a
791 3357 860 3408 ‘eius
875 3356 964 3423 copia*
984 3357 1063 3406 Plaut.
1082 3356 1150 3404 Trin.
1170 3370 1192 3416 5.
1211 3370 1232 3409 2,
1247 3369 1293 3416 45;
1311 3354 1366 3403 Ter.

199 3423 221 3469 8.
240 3424 357 3470 civitate
369 3425 499 3470 donatus.
517 3423 557 3471 On
570 3421 612 3471 the
624 3422 744 3472 bestowal
791 3423 892 3472 Phorm.
921 3437 941 3472 1.
968 3437 990 3480 2,
1014 3422 1061 3485 63;
1090 3422 1183 3470 olrener
1210 3421 1269 3469 with
1296 3426 1367 3469 ‘con-

166 3487 194 3536 ol
202 3487 244 3535 the
254 3491 260 3514 ‘
269 3484 370 3535 civitas’
380 3487 412 3550 by
422 3488 463 3536 the
473 3489 586 3552 princeps
599 3504 639 3537 see
649 3489 744 3538 Introd.
790 3488 919 3539 veniendi!

165 3552 199 3601 vi.
213 3567 237 3615 p.
250 3553 295 3613 87;
314 3553 414 3601 Stautsr.
431 3553 454 3600 ii.
468 3556 524 3615 891.
827 3568 864 3617 19.
882 3557 1046 3611 antehaboo,
1062 3568 1142 3601 anew
1153 3552 1221 3600 word
1232 3550 1337 3614 (Introd.
1345 3567 1368 3597 v.

200 3633 243 3674 ox,
264 3617 301 3666 ‘in
321 3619 472 3667 accordunce
492 3617 553 3667 with
560 3619 582 3678 ’·;
608 3619 746 3682 analogous
791 3620 832 3683 69,
845 3621 880 3683 5),
893 3621 952 3683 only
963 3619 1020 3668 here
1031 3618 1080 3667 and
1092 3634 1115 3678 4.
1130 3630 1167 3677 11,
1181 3633 1203 3681 5.

167 3690 194 3733 to
207 3688 252 3732 ‘ex
264 3682 402 3740 sententia,'
416 3690 461 3732 ‘ex
474 3682 559 3740 more‚'
568 3688 614 3734 &c
827 3699 864 3735 ar.
884 3687 1088 3742 paonitentiam
1105 3698 1189 3740 quam
1205 3685 1368 3739 perniciem,

184 3762 240 3864 ll·
253 3747 672 3866 littra-{t‘llltlzll
686 3766 745 3865 ⁸¹3³.
791 3749 1155 3866 dictitabatur·
1170 3763 1247 3862 tt·
1261 3751 1287 3861 l)
1307 3748 1369 3861 idi

166 3831 208 3931 {lte
228 3831 394 3930 omiyssiongbl
412 3831 621 3944 ‘magis’pbelore
639 3854 746 3946 ‘quam'
793 3882 840 3930 and
853 3881 924 3931 other
935 3830 1276 3944 inconceslgiv'en'by'Nrpp.
1295 3830 1370 3928 4Tlril

167 3962 206 4012 cp.
220 3945 313 3995 Introd.
327 3962 350 3996 v.
365 3945 431 4009 564.
792 3946 923 3996 rhetorical
940 3947 1018 4011 ligure
1033 3947 1054 3995 is
1069 3946 1201 4010 especially
1212 3961 1328 3993 common
1345 3944 1369 3992 in

203 4025 239 4059 12.
257 4018 398 4068 raptorem
411 4016 642 4063 ...violator-em.
666 4012 747 4061 These
792 4013 835 4062 the
846 4013 982 4062 Germania
993 4012 1042 4061 aud
1055 4011 1182 4075 Agricola.
1217 4011 1263 4060 See
1276 4011 1370 4061 lutrod.

167 4076 274 4142 poetical
287 4078 368 4126 words
385 4094 427 4128 are
444 4079 523 4128 suited
540 4089 566 4127 to
583 4095 598 4127 a
613 4078 747 4127 rhetorical
793 4078 824 4127 G.
836 4094 862 4143 p.
877 4091 914 4127 ro.

186 4158 281 4206 assage,
300 4143 341 4192 the
362 4143 453 4193 former
472 4145 545 4207 being
565 4144 622 4192 thus
641 4143 699 4192 used
722 4143 745 4191 in
827 4157 866 4203 ²3·
883 4146 1051 4204 praevaleat,
1065 4159 1100 4193 sc.
1112 4143 1194 4208 ‘apud
1207 4142 1262 4192 te':
1279 4159 1317 4206 cp.
1333 4155 1369 4190 υ.

168 4159 234 4256 εἶιτΙΙ,
249 4222 270 4257 2.
286 4220 324 4271 27,
341 4223 367 4266 r;
384 4208 426 4257 the
438 4209 511 4258 latter
523 4211 547 4258 in
560 4209 613 4257 Liv.
626 4227 649 4271 4.
665 4221 703 4271 19,
716 4222 739 4269 5.
792 4208 833 4272 64,
845 4208 868 4257 6.

205 4286 213 4319 r
220 4288 242 4335 5.
259 4289 325 4330 nox,
337 4275 391 4323 that
402 4277 429 4322 ol
438 4274 480 4323 the
492 4275 608 4340 bouquet,
620 4291 641 4325 c.
654 4288 694 4338 55,
709 4288 730 4335 3.
827 4288 865 4338 ²5·
883 4281 978 4324 vetare
990 4278 1022 4323 ln
1033 4278 1189 4332 provincia.
1208 4274 1262 4322 The
1272 4288 1370 4338 expres·

204 4338 241 4387 16.
259 4354 331 4396 quae
347 4347 451 4388 soouta.
486 4340 549 4389 Thia
560 4340 660 4405 glauces
671 4341 747 4389 athis
792 4339 846 4390 sion
867 4343 954 4390 ‘vetus
977 4338 1120 4405 provincia’
1139 4340 1322 4403 distinguisbes.
1345 4339 1370 4387 in

168 4402 240 4452 shore
252 4404 276 4452 in
288 4404 429 4462 hostilities,
440 4421 468 4453 aa
481 4409 617 4456 ‘consensu
630 4407 710 4471 gentis
722 4407 746 4455 iu
791 4405 851 4455 such
868 4421 937 4456 cases
953 4422 980 4454 as
992 4405 1078 4454 Africa
1090 4406 1125 4470 (3.
1141 4417 1179 4468 74,
1194 4406 1219 4468 5)
1233 4407 1280 4454 and
1295 4403 1371 4466 Sicily

168 4468 262 4518 bellum
275 4468 382 4519 tractus'
396 4472 427 4536 (c.
442 4485 481 4535 55,
495 4471 532 4535 4).
793 4471 858 4536 (Liv.
881 4485 920 4536 24.
937 4489 978 4536 44,
997 4485 1025 4533 ²3
1049 4486 1088 4536 ²5·
1108 4486 1130 4534 3,
1148 4473 1184 4536 5),
1204 4473 1246 4520 the
1265 4468 1371 4535 original
