2976 5010
158 340 220 401 454
412 321 447 379 P.
478 318 681 378 connssn
710 314 852 375 mem
875 313 1108 374 annaurim
1168 320 1364 387 [ancus.

160 486 224 550 hoc
247 482 396 568 adsequi,
420 492 457 547 ut
481 481 592 565 palam
618 479 708 544 heret
735 479 856 562 quibus
883 475 1014 561 flagitiis
1040 476 1183 559 impares
1205 491 1365 537 essemus.

161 591 220 654 sed
237 590 284 652 illi
300 589 435 671 quidem
453 586 561 651 officio
578 585 679 649 suncti
695 594 782 659 sunt,
797 592 833 646 ut
852 592 980 647 ceteros
1002 601 1133 664 quoque
1150 578 1399 663 magistratus8

162 714 221 758 sua
245 693 355 757 munia
381 691 517 773 implere
542 689 660 752 velim:
693 688 773 751 mihi
797 696 910 751 autem
936 705 1043 768 neque
1068 684 1243 747 honestum
1268 681 1366 746 silere

163 818 270 881 neque
297 795 447 880 proloqui
476 794 679 875 expeditum,
704 791 781 874 quia
808 810 874 856 non
901 788 1016 854 aedilis
1040 798 1098 853 aut
1123 787 1283 872 praetoris
1305 794 1366 850 aut

135 901 306 974 sconsulis
325 900 428 982 partis
451 899 608 961 sustineo.
654 897 759 960 maius
781 894 906 976 aliquid
930 904 962 958 et
986 892 1149 958 excelsius
1172 912 1192 954 a
1217 890 1404 973 principe4

164 1004 371 1088 postulatur;
393 1013 518 1066 etcum
541 1010 629 1064 recte
645 998 807 1064 sactorum
829 998 889 1061 sibi
905 999 1046 1081 quisque
1065 997 1205 1081 gratiam
1221 994 1367 1068 trahant,

163 1111 258 1173 unius
280 1107 401 1171 invidia
423 1106 466 1169 ab
490 1104 645 1168 omnibus
668 1113 829 1188 peccatur.
874 1103 954 1185 quid
978 1102 1065 1164 enim
1085 1102 1229 1184 primum
1254 1097 1402 1182 prohi-tl

146 1179 840 1293 fflmffiifflre
862 1205 1063 1289 adgrediar?
1107 1204 1303 1268 villarumne
1320 1202 1368 1265 in·

164 1315 257 1379 finita
272 1315 403 1396 spatia?
437 1313 635 1376 familiarum
655 1330 829 1376 numerum
846 1321 880 1375 et
895 1310 1069 1374 nationes?
1103 1308 1232 1390 argenti
1247 1315 1281 1370 et
1297 1306 1369 1369 anri

122 1444 152 1478 10
165 1420 320 1503 pondus?
343 1418 428 1483 aeris
440 1416 695 1498 tabularumque
708 1414 886 1479 miracula?
909 1414 1089 1497 promiscas
1101 1413 1178 1474 viris
1190 1422 1223 1476 et
1238 1409 1369 1474 leminis
1471 1417 1476 1426 '

164 1534 273 1589 vestes
294 1533 395 1606 atque
417 1521 472 1585 illa
491 1519 687 1584 seminarum
711 1520 855 1603 propria,
878 1519 952 1600 quis
975 1517 1123 1599 lapidum
1147 1536 1246 1579 causa
1269 1534 1369 1598 pecu·

167 1627 241 1692 niae
257 1635 391 1690 nostrae
410 1626 451 1690 ad
468 1635 623 1689 externas
639 1634 698 1689 aut
714 1623 843 1687 hostilis
858 1631 975 1706 gentes
990 1621 1255 1684 transferuntur?

210 1734 275 1802 54.
300 1730 372 1794 Nec
388 1730 504 1814 ignoro
526 1730 559 1793 in
576 1728 735 1793 conviviis
749 1738 783 1791 et
802 1725 930 1791 circulis
950 1725 1088 1790 incusari
1105 1725 1166 1788 ista
1182 1734 1214 1787 et
1231 1723 1370 1786 modum

167 1836 281 1921 posci:
304 1842 356 1897 set
371 1835 397 1897 si
414 1834 488 1917 quis
509 1833 617 1915 legem
639 1831 776 1909 sanciat,
791 1850 916 1915 poenas
939 1830 1071 1908 indicat,
1086 1830 1174 1892 idem
1195 1828 1240 1890 illi
1256 1827 1371 1890 civita-

125 1959 154 2011 15
169 1951 237 2006 tem
264 1938 358 2014 verti,
381 1937 649 2020 splendidissimo
673 1936 791 2019 cuique
815 1935 956 1998 exitium
981 1934 1097 2015 parari,
1120 1933 1286 1997 neminem
1311 1931 1373 1995 cri·

170 2042 267 2107 minis
282 2052 455 2123 expertem
475 2040 702 2104 clamitabunt.
747 2042 838 2123 atqui
857 2059 899 2102 ne
919 2041 1065 2122 corporis
1083 2039 1217 2121 quidem
1237 2034 1408 2100 morbos²

170 2156 297 2211 veteres
315 2156 348 2209 et
364 2145 420 2210 diu
442 2156 557 2210 auctos
574 2145 635 2207 nisi
652 2165 711 2228 per
726 2146 809 2209 dura
824 2153 858 2208 et
875 2164 992 2225 aspera
1007 2162 1175 2206 coerceas:
1198 2150 1374 2224 corruptus

206 2345 227 2383 1.
245 2333 362 2390 flagitiis
370 2334 508 2390 impensu
525 2329 748 2397 so‘imparcuris'
793 2330 913 2394 leit4116
930 2329 1017 2380 slaves.
1052 2330 1102 2379 Tor
1115 2328 1178 2380 later
1194 2329 1317 2379 instances
1333 2346 1375 2381 see

173 2411 211 2462 14.
225 2412 264 2462 54,
278 2410 308 2458 33
324 2396 438 2447 ‘dolori’
453 2411 490 2462 15.
504 2409 542 2462 57,
557 2411 578 2457 1,
591 2400 639 2447 &a
795 2410 835 2462 14.
847 2411 886 2459 43,
897 2412 930 2461 4;
948 2395 1098 2454 Athenaeus,
1111 2394 1136 2455 6,
1148 2412 1171 2460 p.
1186 2406 1231 2458 27³
1242 2396 1265 2444 d.
1302 2396 1376 2460 They

204 2478 228 2527 4,
247 2467 315 2522 qula
335 2477 401 2520 non.
417 2465 466 2513 dcc.
504 2463 585 2513 These
605 2463 686 2513 words
709 2478 750 2512 are
793 2479 857 2513 were
868 2463 897 2511 ol
908 2462 943 2510 all
959 2461 1136 2522 nationalities,
1149 2460 1252 2518 Greeks,
1265 2460 1376 2524 Syrians,

171 2529 247 2580 taken
264 2529 322 2592 only
340 2526 400 2576 with
423 2533 521 2594 ‘neque
542 2530 656 2594 proloqui
679 2545 751 2593 expe-
794 2528 939 2593 Phrygiam,
956 2527 1156 2592 Cappadocisns,
1167 2526 1312 2587 Thraciam,
1326 2530 1375 2578 Ae·

173 2592 270 2644 ditum)
794 2594 929 2658 thiopians,
949 2597 995 2642 &o
1031 2593 1077 2642 See
1095 2593 1186 2641 introrl
1207 2593 1248 2641 vii.
1268 2608 1291 2656 p.
1313 2592 1376 2652 106;

206 2674 229 2724 5.
247 2661 411 2717 sprlnnino.
445 2660 485 2709 On
503 2660 545 2709 tbe
562 2661 708 2726 conception
726 2661 755 2709 ol
795 2660 948 2724 Marquardt,
967 2660 991 2707 ii.
1009 2675 1034 2723 p.
1055 2671 1118 2714 111,
1143 2658 1233 2707 Friedl.
1251 2660 1266 2706 i.
1285 2674 1308 2722 p.
1328 2673 1377 2721 533

173 2725 223 2803 this
240 2725 337 2838 disgniiy
358 2739 385 2772 as
402 2740 417 2772 s
434 2727 582 2791 magistracy
599 2742 639 2776 see
658 2725 751 2776 lntrod.
794 2725 906 2840 {iirschi
931 2725 1026 2775 Unters.
1050 2738 1104 2788 194,
1127 2725 1176 2773 and
1194 2723 1293 2788 Jacob's
1316 2731 1377 2774 note

173 2807 205 2841 vs.
239 2827 245 2840 .
276 2803 296 2839 1.
812 2807 860 2842 ere.

206 2806 237 2905 d
259 2857 316 2905 sibi
340 2859 458 2914 quisque
476 2892 481 2903 .
496 2893 501 2904 .
514 2895 520 2907 .
533 2860 656 2914 trahant.
674 2857 752 2907 ‘each
829 2860 939 2915 attenti
957 2862 986 2904 et
1003 2861 1064 2905 susi
1080 2861 1200 2914 pondus,
1221 2856 1293 2904 mlrea
1312 2858 1377 2905 from

174 2923 347 3014 appropriata
358 2931 385 2971 to
400 2921 501 3009 himself
505 2922 528 2980 '3
545 2939 573 2972 so
590 2924 614 2971 in
628 2922 661 2971 H.
676 2936 698 2983 3.
712 2937 752 2984 33,
796 2923 871 2986 Verg.
884 2924 946 2971 Aen.
963 2937 987 2998 1,
997 2937 1053 2985 359.
1080 2924 1134 2971 'l'be
1145 2924 1258 2988 quantity
1269 2923 1298 2970 oi
1307 2922 1378 2988 plate

175 2987 530 3114 ierllnilf'dbllalse'bd'
550 3003 572 3047 ²'
593 3002 602 3037 ¹
620 2988 669 3037 md
704 2997 752 3037 Μ’
796 2988 1207 3118 “iillilsriipfslilin.„
1223 3053 1378 3103 corinna>

210 3130 232 3182 7.
258 3121 343 3167 unius
365 3120 481 3168 invidia
524 3119 579 3169 The
600 3119 754 3184 preposition
797 3135 852 3170 mm
874 3135 989 3168 vasorum
1012 3121 1090 3184 pretia
1109 3121 1134 3169 in
1152 3121 1289 3168 inmensum
1305 3135 1375 3169 exar-

177 3183 264 3234 ‘cnm'
283 3182 362 3246 might
381 3182 443 3233 have
467 3185 527 3234 been
546 3186 682 3250 expected;
711 3185 755 3234 bnt
797 3190 856 3236 sisse
867 3185 973 3249 graviter
984 3186 1147 3250 conquestus.'

176 3248 236 3299 such
259 3248 451 3313 quasi-absolute
472 3249 595 3300 ablatives
614 3251 643 3299 oi
659 3250 755 3301 attend·
833 3265 870 3301 11.
887 3257 995 3300 vestes:
1015 3265 1178 3314 cp.2.33,1.

177 3325 220 3363 ant
231 3315 421 3364 circumstances
431 3330 472 3365 are
483 3316 558 3364 found
571 3317 594 3365 iu
607 3315 756 3376 Tacituaas
831 3320 902 3376 quis.
939 3316 1016 3381 Nipp.
1042 3318 1114 3366 reiers
1136 3317 1185 3366 this
1208 3325 1234 3365 to
1258 3316 1318 3364 ‘illa
1331 3352 1337 3364 .
1352 3352 1377 3367 ..

179 3379 300 3456 ‘pavore'
314 3393 336 3439 3.
353 3394 375 3442 3,
388 3394 419 3441 4;
438 3380 575 3445 ‘pemicie'
591 3383 624 3431 H.
637 3399 660 3446 4
680 3396 719 3444 3ο,
734 3396 755 3431 1.
798 3380 929 3448 propria';
948 3382 1002 3431 ‘the
1024 3383 1117 3447 special
1138 3392 1329 3446 extravagances
1352 3381 1382 3430 oi

178 3446 201 3494 lt
223 3459 244 3493 rs
268 3454 349 3493 meant
373 3445 427 3495 that
450 3447 484 3495 all
507 3448 584 3497 soclal
607 3449 673 3498 vices
693 3464 756 3497 were
799 3463 904 3506 women,
916 3447 1024 3511 through
1038 3447 1133 3507 which*
1147 3453 1194 3499 &c

178 3510 288 3560 ascribed
312 3520 338 3560 to
355 3510 433 3574 laxity
453 3513 477 3561 in
498 3514 540 3562 the
577 3514 680 3578 rinceps,
698 3514 756 3562 who
831 3517 959 3571 lapidum
976 3528 1066 3563 osuss.
1102 3515 1173 3576 Pliny
1190 3514 1232 3578 (N.
1247 3513 1280 3562 H.
1297 3527 1321 3578 9.
1339 3527 1379 3576 35,

178 3576 252 3626 alone
264 3576 314 3625 bad
327 3592 412 3640 power
422 3584 449 3627 lo
460 3577 536 3628 checlr
549 3529 624 3630 tlem.
800 3581 841 3644 58,
862 3582 919 3642 ¹¹7)
942 3580 1031 3644 speaks
1054 3580 1083 3628 ol
1102 3580 1194 3645 having
1216 3596 1270 3628 seen
1296 3577 1379 3627 Lollia

212 3643 235 3691 8.
253 3646 288 3690 sd
299 3647 552 3718 mosoma-soldano,
567 3654 687 3709 pregnant
698 3660 756 3695 con·
800 3644 903 3695 Paulina
919 3645 1024 3695 covered
1035 3645 1094 3694 with
1105 3647 1188 3705 Jewels
1204 3644 1335 3695 estimated
1353 3652 1381 3693 to

179 3715 295 3758 structron
308 3707 345 3755 ior
355 3712 361 3735 ‘
370 3708 501 3758 recidendo
513 3709 647 3760 reducere.’
800 3712 863 3760 have
880 3719 932 3760 eost
950 3711 1015 3773 sorry
1028 3711 1124 3760 million
1144 3711 1177 3759 ll.
1189 3711 1214 3760 S.
1227 3728 1232 3762 :
1252 3712 1300 3759 and
1318 3711 1381 3759 ele-

212 3775 346 3821 villseum
359 3810 365 3822 .
379 3809 384 3820 .
398 3810 404 3823 .
417 3778 517 3832 spatie
553 3776 648 3826 Sallust
668 3775 758 3841 speaks
801 3777 882 3826 where
900 3785 952 3833 (12.
968 3778 1003 3829 18.
1019 3790 1058 3836 41,
1075 3778 1118 3838 84)
1136 3779 1261 3825 estimates
1278 3777 1321 3825 the
1339 3792 1380 3824 an·

180 3837 247 3901 (Cat.
259 3851 299 3914 .¹²’
313 3838 338 3900 3)
352 3839 381 3887 ol
394 3839 468 3889 villas
484 3841 525 3889 ‘in
543 3842 639 3891 arbium
656 3842 759 3891 modum
801 3840 858 3892 nual
870 3842 940 3890 drain
953 3842 981 3890 oi
990 3857 1080 3905 money
1091 3852 1118 3891 io
1134 3843 1176 3890 the
1190 3843 1249 3891 East
1265 3842 1303 3890 ior
1320 3840 1381 3890 such

180 3902 370 3959 exaedificatas.¹
394 3906 442 3954 anrl
470 3906 565 3956 similar
586 3907 710 3974 langnnge
738 3909 759 3958 is
801 3915 1028 3971 extmvagancesat
1043 3922 1090 3956 100
1102 3908 1200 3957 million
1215 3908 1249 3957 H.
1259 3909 1284 3956 S.

180 3967 240 4017 used
258 3968 291 4032 by
309 3969 409 4019 Horace
427 3972 485 4036 (Od.
506 3988 526 4021 a.
547 3987 575 4036 15
593 3975 709 4037 111ιά17),
727 3974 760 4038 by
837 3987 874 4022 12.
892 3980 1024 4023 externas
1036 3980 1086 4023 sut
1097 3977 1219 4032 hostilis,
1232 3973 1342 4036 ‘foreign
1355 3980 1382 4019 1ο

180 4034 273 4084 Seneca
292 4033 333 4099 (de
352 4037 408 4085 Ben.
430 4052 451 4098 7.
472 4052 509 4098 ιο,
531 4042 567 4102 5),
585 4041 635 4089 and
655 4039 758 4104 Juvenal
802 4038 844 4088 the
855 4040 957 4101 empire,
969 4039 990 4088 ii
999 4049 1042 4089 not
1055 4038 1160 4088 hostile!

182 4101 234 4162 (14,
247 4099 299 4161 86).
334 4101 380 4150 See
394 4103 476 4153 Friedl
496 4105 530 4154 iii.
544 4121 568 4169 p.
580 4107 619 4170 89.
633 4106 685 4154 loll.
839 4119 874 4166 ι3.
893 4109 924 4153 in
942 4109 1083 4154 conviviis
1101 4113 1130 4153 et
1147 4109 1268 4157 omoulis.
1286 4121 1302 4153 a
1320 4102 1385 4150 lorm

214 4180 238 4229 9.
249 4169 422 4216 familiarum
429 4184 577 4219 numerum
585 4175 759 4232 sanationes,
803 4170 831 4221 ol
839 4172 987 4235 expression,
1001 4171 1076 4220 found
1089 4171 1114 4218 in
1126 4171 1179 4220 Cic.
1191 4170 1274 4223 (Balb.
1287 4170 1326 4228 16,
1336 4181 1384 4231 573

182 4230 240 4281 ‘the
257 4232 312 4280 host
329 4232 359 4281 oi
372 4232 451 4282 slaves
469 4235 498 4284 ol
511 4235 546 4284 all
564 4236 694 4287 nations':
720 4253 759 4301 cp.
803 4235 836 4286 sd
848 4238 900 4285 Aa.
915 4251 936 4285 a.
952 4238 987 4293 18,
1003 4238 1038 4295 a),
1051 4237 1099 4284 and
1111 4237 1177 4284 osten
1191 4236 1216 4284 in
1228 4236 1297 4300 Livy.

184 4297 311 4373 ‘nationes
326 4300 351 4346 in
369 4299 471 4350 familiis
484 4299 618 4351 habemns’
633 4315 670 4365 14.
683 4319 723 4366 44.
737 4318 760 4367 5.
839 4315 875 4362 ¹5·
893 4305 987 4351 verti:
1004 4318 1043 4367 cp.
1058 4316 1077 4349 1.
1091 4316 1132 4365 41,
1146 4319 1169 4365 4,
1182 4306 1227 4352 &c

183 4361 255 4425 Pliny
272 4362 317 4424 (N.
330 4364 365 4413 li.
383 4377 476 4427 33.10‚
493 4378 540 4429 47;
564 4371 621 4430 135)
639 4370 761 4418 mentions
839 4377 877 4430 17.
894 4381 1030 4424 onerosas,
1047 4368 1169 4432 potential
1191 4367 1310 4430 subjunct.
1332 4365 1386 4429 (Ia-

184 4441 199 4477 a
211 4442 298 4492 person
311 4429 376 4489 who,
388 4439 413 4480 at
426 4430 465 4480 his
475 4431 549 4481 death
564 4433 587 4481 in
601 4434 656 4497 746,
671 4445 724 4484 nc.
736 4435 760 4496 8,
803 4432 867 4484 trod.
879 4448 901 4481 v.
915 4437 928 4492 l
941 4435 1001 4497 51);
1018 4449 1047 4483 so
1058 4434 1113 4483 also
1126 4436 1241 4486 ·timeas‘
1254 4434 1342 4484 below.
