2976 5010
178 399 240 442 212
429 387 465 444 P.
496 384 699 444 CORNELII
726 384 869 443 TACITI
889 383 1125 442 ANNALIUM
1184 391 1374 456 [A.U.C.767.

177 547 315 630 quidam
336 547 505 632 gregarius
527 548 630 624 miles,
650 557 728 612 aute
748 545 892 611 tribunal
915 545 1022 609 Blaesi
1045 544 1217 608 adlevatus
1239 543 1375 608 circum·

177 651 336 717 stantium
361 652 492 728 umeris,
512 653 606 736 apud
636 651 786 716 turbatos
813 659 847 714 et
871 651 950 732 quid
976 656 1105 731 pararet
1132 649 1275 712 intentos
1300 651 1376 711 ‘vos

176 755 326 837 quidem'
343 757 449 838 inquit
467 755 535 818 ‘his
550 757 778 820 innocentibus
794 765 827 819 et
844 754 1034 818 miserrimis
1052 752 1158 817 lucem
1175 763 1208 816 et
1224 752 1374 834 spiritum

177 859 386 923 reddidistis:
409 859 467 924 sed
485 860 559 941 quis
575 860 663 924 fratri
681 880 757 922 meo
772 860 885 932 vitam,
902 859 976 939 quis
992 857 1126 921 fratrem
1150 856 1228 919 mihi
1244 857 1376 918 reddit?

149 981 275 1046 §quem
307 964 443 1026 missum
473 964 516 1027 ad
543 985 603 1026 vos
630 985 650 1027 a
676 962 875 1028 Germanico
901 962 1048 1025 exercitu
1074 961 1117 1025 de
1144 961 1377 1024 communibus

177 1066 362 1130 commodis
378 1076 476 1130 nocte
491 1067 647 1148 proxima
667 1066 826 1150 iugulavit
842 1087 901 1150 per
920 1066 1122 1149 gladiatores
1142 1083 1229 1133 suos.
1244 1084 1328 1147 quos
1345 1064 1376 1125 in

176 1169 316 1233 exitium
348 1170 491 1233 militum
521 1169 623 1235 habet
652 1179 755 1251 atque
786 1179 904 1234 armat.
958 1169 1132 1251 responde,
1164 1167 1289 1244 Blaese,
1320 1167 1410 1230 ubi2

177 1273 318 1336 cadaver
339 1273 516 1338 abieceris:
545 1295 587 1338 ne
608 1273 723 1338 hostes
746 1274 880 1356 quidem
904 1273 1074 1357 sepultura
1096 1272 1254 1335 invident.
1300 1278 1410 1334 cum3

177 1377 306 1454 osculis,
336 1397 411 1441 cum
444 1376 587 1442 lacrimis
615 1378 765 1442 dolorem
796 1397 907 1441 meum
939 1376 1128 1460 implevero,
1160 1396 1214 1439 me
1242 1395 1377 1458 quoque

133 1507 164 1544 ιο
177 1481 331 1545 trucidari
348 1481 434 1556 iube,
444 1482 524 1545 dum
542 1481 729 1545 interlectos
745 1481 870 1544 nullum
886 1482 931 1544 ob
946 1480 1061 1556 scelus,
1073 1481 1130 1544 sed
1148 1479 1224 1561 quia
1240 1478 1375 1542 utilitati

177 1579 344 1666 leg'ionum
361 1582 620 1658 consulebamus,
636 1584 670 1648 hi
686 1583 865 1668 sepeliant.’

220 1689 282 1758 23.
307 1687 511 1752 Incendebat
533 1687 616 1753 haec
637 1687 715 1752 fletu
740 1698 773 1751 et
799 1697 914 1769 pectus
940 1696 1042 1769 atque
1065 1708 1102 1749 os
1128 1688 1280 1750 manibus
1303 1707 1374 1749 ver-

176 1789 305 1854 berans.
344 1811 424 1854 mox
439 1791 584 1855 disiectis
599 1812 738 1873 quorum
755 1811 814 1875 per
828 1811 959 1855 umeros
974 1790 1205 1863 sustinebatur,
1218 1811 1375 1873 praeceps
1391 1797 1411 1849 2

176 1903 210 1958 et
235 1894 441 1976 singulorum
469 1896 607 1978 pedibus
633 1894 809 1958 advolutus
835 1905 966 1959 tantum
993 1894 1265 1957 consternationis
1295 1894 1377 1956 invi-

132 2010 162 2062 15
176 1999 316 2080 diaeque
331 1998 483 2075 concivit,
496 2007 532 2062 ut
549 2019 625 2081 pars
642 2000 785 2062 militum
801 1998 1002 2083 gladiatores
1015 1997 1070 2078 qui
1087 2018 1106 2061 e
1121 1998 1255 2060 servitio
1269 1997 1376 2062 Blaesi

175 2111 278 2177 erant,
303 2122 381 2186 pars
407 2112 549 2167 ceteram
577 2103 723 2168 eiusdem
751 2103 910 2166 familiam
934 2102 1106 2179 vincirent,
1128 2102 1183 2165 alii
1209 2103 1250 2166 ad
1276 2122 1377 2183 quae-

175 2207 315 2270 rendum
332 2226 451 2288 corpus
463 2205 717 2271 effunderentur.
756 2228 795 2271 ac
812 2207 843 2270 ni
860 2225 1000 2290 propere
1015 2225 1122 2287 neque
1138 2225 1257 2287 corpus
1273 2204 1410 2269 ultuma

176 2309 317 2392 reperiri,
341 2318 374 2373 et
396 2330 509 2373 servos
531 2310 691 2374 adhibitis
713 2310 911 2375 cruciatibus
934 2309 1079 2373 abnuere
1101 2310 1246 2384 caedem,
1269 2329 1376 2389 neque

176 2410 222 2477 illi
237 2413 337 2477 luisse
358 2433 516 2494 umquam
533 2412 667 2478 fratrem
688 2414 921 2498 pernotuisset,
940 2412 1029 2477 haud
1051 2411 1191 2475 multum
1211 2412 1254 2475 ab
1273 2412 1376 2477 exitio

213 2576 235 2625 8.
254 2574 389 2640 ablegeris:
408 2583 459 2625 text
471 2574 574 2640 margin.
642 2587 681 2626 ιι.
698 2575 732 2626 ii:
749 2576 777 2624 hi
790 2575 855 2626 Mur.
866 2574 916 2624 and
928 2574 958 2625 L.
1028 2588 1065 2623 ιι.
1083 2573 1226 2624 incedebat:
1246 2580 1297 2624 text
1311 2573 1342 2624 R.

209 2738 232 2773 a.
249 2726 320 2780 quid
330 2729 442 2781 pararat
458 2727 593 2784 intentos,
612 2725 751 2789 'watchiug
799 2724 875 2774 lound
895 2724 988 2780 earlier,
1007 2741 1035 2773 as
1058 2729 1122 2773 ‘non
1143 2725 1281 2774 inviderunt
1301 2725 1374 2774 laude

174 2789 242 2839 what
264 2789 295 2838 he
316 2789 401 2837 would
423 2788 528 2848 do,’·an
556 2791 750 2854 unprecedented
798 2806 843 2839 sua
864 2788 1022 2839 mulieribus'
1045 2790 1111 2847 (liv.
1136 2804 1156 2839 2.
1183 2805 1225 2851 40,
1250 2791 1300 2853 ιι),
1323 2791 1373 2839 and

175 2854 350 2914 construction,
360 2855 408 2904 due
419 2862 446 2903 to
457 2854 500 2904 the
511 2855 591 2905 desire
602 2854 632 2904 ol
642 2856 750 2919 brevity;
799 2855 906 2905 ‘invidet
917 2856 973 2919 igne
989 2857 1043 2918 rogi
1061 2854 1169 2905 miseris’
1182 2856 1254 2914 (Luc.
1268 2865 1289 2918 7,
1305 2867 1335 2970 79
1352 2857 1373 2919 ).

176 2919 312 2971 ‘intentor'
324 2921 362 2969 lor
375 2923 480 2970 ‘intente
492 2918 666 2970 observantes!
798 2920 911 2970 Walther
921 2920 1033 2985 explains
1044 2922 1063 2970 it
1075 2937 1128 2970 asa
1146 2921 1218 2969 Latin
1234 2923 1321 2984 equiva
1332 2930 1373 2971 ent

174 2989 463 3101 mrtdt‘ttttt
483 2985 752 3115 {5¹⁰iilihpiihili
797 2985 1373 3117 tl..¹it.ihi.tthttlditali

175 3117 307 3181 authority.
350 3116 405 3166 The
427 3116 507 3166 revolt
530 3117 559 3166 ol
578 3117 621 3167 the
642 3117 750 3166 German
797 3133 823 3167 se
842 3117 898 3167 oslti
910 3118 1001 3177 ciceris,
1014 3133 1059 3167 nec
1071 3117 1160 3182 longae
1170 3117 1257 3167 invidit
1269 3117 1372 3167 avenae'

175 3199 245 3246 army
256 3182 330 3231 could
341 3190 385 3231 uot
396 3181 459 3231 haue
472 3183 531 3231 been
543 3181 601 3231 then
613 3183 710 3232 known.
799 3132 875 3246 (hier.
884 3183 935 3231 Sat.
947 3196 969 3232 2.
981 3181 1006 3242 6,
1018 3184 1071 3243 84).

208 3247 231 3296 6.
249 3251 426 3305 gladiatores.
459 3247 598 3297 Provincial
617 3263 751 3311 govemors
833 3261 872 3297 ιι.
889 3251 1065 3297 Incendebat
1076 3252 1152 3305 haeo,
1167 3248 1213 3298 ‘he
1224 3265 1276 3298 was
1288 3249 1374 3313 giving

173 3313 234 3377 kept
246 3321 332 3377 troops
346 3314 376 3362 ol
389 3312 533 3376 gladiators,
545 3320 572 3362 to
588 3321 658 3362 court
671 3329 750 3377 popu·
797 3312 866 3363 these
883 3313 963 3362 words
980 3330 1048 3363 more
1065 3330 1149 3377 power
1166 3323 1192 3364 to
1203 3313 1315 3375 kiudle;'
1332 3330 1372 3378 cp.

175 3378 249 3442 lority
266 3378 299 3442 by
316 3378 399 3426 shows
416 3381 467 3440 (see
486 3378 576 3427 Friedl.
594 3379 619 3426 ii.
638 3395 662 3443 p.
682 3383 750 3441 327),
797 3383 936 3428 ‘sermones
944 3380 1134 3430 auditamors..
1145 3379 1280 3429 ‚incendit’
1292 3383 1374 3445 (atla,

174 3444 215 3494 till
234 3444 276 3493 the
295 3444 405 3508 practice
421 3458 472 3492 was
487 3443 617 3492 forbidden
635 3444 668 3507 by
683 3444 751 3493 Nero
798 3447 834 3503 4),
858 3445 906 3493 and
932 3445 1007 3494 ‘haec
1028 3443 1189 3495 accendebat’
1212 3451 1245 3507 (c.
1269 3445 1309 3511 69,
1332 3449 1371 3506 7):

175 3515 275 3573 (1931,
286 3510 322 3572 4).
357 3509 411 3558 The
423 3508 517 3571 subject
528 3509 558 3558 ol
568 3507 751 3573 ‘iugulavit'is
797 3509 896 3559 derived
916 3511 980 3559 from
1000 3512 1059 3560 such
1081 3511 1208 3573 Vergilian
1231 3511 1373 3576 metaphora

110 3605 115 3614 ·
174 3575 288 3640 supplied
306 3576 369 3622 lrom
387 3577 430 3623 the
444 3590 521 3630 senae.
537 3589 565 3623 as
582 3575 608 3623 iu
623 3589 644 3624 c.
662 3588 702 3639 52,
720 3589 749 3636 ις
797 3591 825 3624 as
843 3575 940 3639 ‘pudor
956 3576 1063 3625 incendit
1079 3574 1154 3625 vires'
1173 3580 1247 3638 (Aen.
1262 3591 1285 3640 5,
1302 3577 1372 3641 455),

175 3655 197 3690 a.
211 3651 249 3703 70,
264 3654 286 3700 a,
298 3644 346 3690 dre.
796 3641 845 3689 and
860 3641 1046 3690 ‘incendentem
1058 3641 1147 3690 luctus'
1161 3645 1196 3705 (9,
1209 3643 1277 3705 500).

207 3716 230 3770 7.
250 3710 320 3754 ubi.
336 3742 361 3755 ..
377 3708 532 3760 ablaoerlar
558 3704 698 3770 equivalent
723 3712 750 3755 to
833 3720 871 3770 14.
888 3710 1009 3763 pedibus
1031 3709 1194 3756 advolutae?
1233 3708 1294 3757 This
1315 3724 1371 3757 con·

178 3770 236 3820 ‘ubi
246 3771 372 3821 abiectum
383 3769 523 3835 reliqueris’
533 3789 540 3820 e
551 3787 594 3836 cp.
606 3771 712 3821 ‘abiecti
725 3773 750 3820 iu
797 3773 916 3821 struction
934 3771 1000 3830 here,
1018 3774 1068 3821 and
1084 3773 1109 3820 in
1127 3789 1148 3823 c„
1167 3788 1207 3836 32,
1218 3790 1243 3838 4.
1255 3775 1275 3821 is
1287 3773 1372 3822 analo-

173 3837 215 3886 vla
223 3833 365 3887 cadaveris'
376 3835 443 3885 Suet.
451 3837 511 3886 Ner.
522 3838 570 3900 48;
589 3839 635 3886 ‘eo
643 3837 716 3888 loco.
728 3872 750 3886 ..
796 3853 859 3901 gous
871 3843 897 3886 to
908 3837 962 3886 that
974 3838 1003 3886 os
1014 3839 1121 3902 ‘pectori
1134 3838 1285 3888 adcreverat'
1298 3854 1318 3888 c.
1333 3852 1371 3903 19,

173 3900 279 3951 abiecit'
293 3902 330 3951 Id.
344 3901 419 3950 Galb.
433 3915 471 3952 ιο.
799 3916 820 3952 1.
854 3902 994 3953 Elsewhere
1017 3904 1118 3953 Tacitus
1136 3919 1192 3952 uses
1212 3905 1254 3952 the
1274 3920 1372 3954 accusa·

207 3969 232 4016 8.
258 3970 404 4024 sepultura
428 3969 569 4017 invident.
604 3967 660 4018 The
681 3983 750 4017 com·
797 3969 846 4018 tire
858 3968 918 4017 with
930 3968 980 4017 this
991 3969 1058 4028 verb,
1071 3985 1130 4018 asc.
1144 3982 1183 4030 13,
1197 3980 1219 4032 7,
1232 3973 1279 4019 &a

191 4031 240 4082 lete
262 4033 326 4081 lorm
349 4033 377 4081 ol
402 4030 451 4082 this
472 4034 638 4083 construction
666 4034 749 4083 would
831 4045 870 4098 19.
887 4037 1085 4091 pernotutseor.
1104 4034 1373 4098 BesideaTacitus(cp.

173 4048 237 4147 have
259 4097 313 4147 also
334 4113 350 4146 a
372 4099 456 4148 dative
478 4099 509 4146 os
526 4099 567 4147 the
587 4114 682 4164 person.
726 4099 750 4147 lt
800 4099 934 4161 rr.67,r;
960 4112 1048 4161 ¹3·²5‚
1067 4114 1095 4159 ι,
1119 4113 1157 4161 ι4.
1176 4102 1199 4156 8,
1219 4100 1244 4163 a)
1264 4100 1371 4164 Quintil·

172 4163 304 4214 tanotioed
319 4163 352 4227 by
369 4163 454 4226 Quint.
473 4165 508 4226 (9.
521 4177 543 4222 3,
559 4165 583 4226 1)
600 4180 693 4227 among
707 4165 749 4214 the
796 4164 836 4213 iau
854 4165 927 4214 alone
943 4181 1047 4229 appears
1064 4175 1090 4214 to
1109 4182 1150 4215 use
1168 4166 1218 4214 this
1237 4167 1313 4214 word.
1348 4167 1371 4215 A

173 4229 282 4279 conceits
293 4230 322 4278 ol
333 4230 373 4278 his
384 4231 440 4293 day,
454 4233 547 4293 ‘paene
558 4230 616 4287 iarn,
628 4230 749 4294 quidquid
795 4230 889 4279 similar
906 4231 1024 4279 aneu-dote
1041 4240 1066 4279 to
1085 4232 1141 4286 this,
1155 4230 1249 4295 though
1268 4231 1373 4280 without

173 4295 308 4359 loquimur,
324 4294 403 4362 figura
420 4302 464 4350 est,
482 4303 509 4345 ut
526 4294 574 4345 hac
589 4310 615 4344 re
629 4295 747 4356 invidere,
795 4296 837 4344 the
857 4295 995 4344 additional
1013 4297 1096 4353 touch,
1114 4298 1167 4345 that
1183 4313 1216 4345 no
1235 4297 1295 4345 such
1317 4299 1371 4346 bro·

172 4376 231 4420 non,
241 4368 268 4409 ut
280 4374 366 4408 omnes
374 4369 468 4410 veteres
476 4369 501 4409 et
510 4359 599 4410 Cicero
608 4361 748 4425 praecipue,
795 4360 850 4410 ther
865 4361 914 4410 had
931 4361 1032 4423 existed,
1051 4377 1137 4411 occurs
1153 4363 1178 4410 in
1193 4362 1262 4425 early
1274 4362 1372 4411 Roman

173 4424 296 4476 hulcrei.’
330 4424 531 4490 ltisespecially
543 4441 659 4476 common
671 4426 695 4474 in
705 4426 748 4476 the
795 4425 890 4491 history
910 4426 975 4485 (Liv.
997 4443 1020 4489 3.
1045 4439 1090 4488 13;
1119 4430 1169 4490 24).
1213 4429 1296 4477 Bacon
1320 4428 1373 4487 (De

172 4489 282 4557 Epistles
293 4490 322 4540 ol
329 4490 401 4555 Pliny
414 4494 452 4556 (as
465 4505 487 4542 ι.
500 4504 539 4550 ιο,
554 4505 575 4549 a,
590 4494 657 4553 dra),
671 4492 748 4542 butis
794 4494 887 4556 Augm.
906 4493 938 4541 vi.
955 4507 980 4556 4,
997 4493 1045 4542 sub
1061 4491 1126 4556 tin),
1143 4492 1311 4559 conlounding
1328 4492 1371 4542 vi·
