2976 5010
511 862 1016 947 APPENDIXI.

526 1123 575 1172 on
605 1122 705 1174 soon
733 1124 1008 1196 n,cC.23‚24.

206 1324 276 1386 Tua
295 1324 445 1404 folloning
462 1324 608 1404 fragment
625 1325 662 1387 ol
674 1346 692 1387 a
707 1339 932 1406 contemporary
946 1339 1071 1388 account
1089 1329 1124 1388 of
1137 1328 1184 1389 the
1198 1329 1319 1389 disaster
1335 1329 1371 1388 os

165 1423 358 1486 Germanicus
379 1425 418 1502 by
433 1424 513 1485 Pedo
528 1426 737 1497 Albinovanus,
756 1426 900 1504 probably
914 1445 972 1487 one
994 1427 1029 1487 os
1046 1428 1091 1487 his
1111 1429 1225 1488 officers
1246 1427 1307 1506 (see
1326 1446 1365 1487 on

169 1543 193 1582 r.
209 1525 257 1595 60,
275 1523 316 1602 a),
331 1522 425 1583 which
444 1523 497 1583 bas
516 1525 590 1584 been
610 1525 764 1602 preserved
784 1526 823 1602 by
837 1524 879 1583 M.
899 1524 1009 1585 Seneca
1023 1525 1119 1606 (Suas.
1137 1546 1161 1585 1.
1182 1525 1241 1604 14),
1256 1526 1280 1584 is
1298 1525 1365 1584 here

165 1622 327 1701 subjoined,
350 1641 383 1682 as
405 1641 422 1682 a
443 1623 592 1699 specimen
613 1622 647 1684 ol
664 1641 747 1684 some
769 1622 803 1683 ol
820 1623 868 1684 the
889 1625 1019 1684 material
1040 1624 1116 1685 from
1135 1625 1228 1686 which
1246 1625 1366 1684 Tacitus

165 1739 233 1797 may
247 1719 320 1781 bave
335 1720 393 1780 had
407 1732 438 1781 to
454 1722 532 1780 draw
546 1739 586 1798 up
600 1720 645 1780 his
659 1722 798 1781 narrative
807 1740 857 1780 :-

329 1911 393 1970 Iam
415 1912 528 1989 pridem
550 1922 616 1990 post
637 1920 718 1989 terga
739 1911 817 1970 diem
839 1911 992 1991 solemque
1014 1913 1188 1993 relinquunt,

329 2009 394 2068 Iam
416 2009 529 2087 pridem
551 2010 629 2069 notis
649 2020 779 2069 extorres
800 2007 907 2069 finibus
927 2010 1007 2070 orbis

329 2106 384 2166 Per
404 2126 466 2167 non
487 2126 643 2168 concessas
663 2108 789 2168 audaces
810 2107 851 2167 ire
873 2108 1007 2167 tenebras

329 2205 378 2264 Ad
400 2225 494 2265 rerum
516 2215 609 2265 metas
630 2218 818 2284 extremaque
838 2205 923 2266 litora
944 2207 1064 2279 mundi;

329 2302 418 2363 Nunc
440 2303 521 2363 illum
542 2304 632 2381 pigris
654 2304 793 2363 immania
813 2315 944 2364 monstra
965 2307 1019 2364 sub
1040 2305 1124 2364 undis

329 2401 388 2475 Qui
410 2401 483 2462 ferat
504 2401 668 2475 Oceanum,
689 2402 740 2481 qui
761 2421 861 2462 saevas
882 2402 1011 2481 undique
1031 2405 1127 2481 pristis

328 2501 561 2579 Aequoreosque
581 2519 679 2573 canes,
700 2501 808 2561 ratibus
828 2519 1004 2579 consurgere
1025 2503 1145 2580 prensis.

327 2600 503 2660 Accumulat
525 2600 623 2677 fragor
644 2601 706 2678 ipse
727 2610 831 2661 metus.
872 2600 936 2660 Iam
958 2601 1051 2661 sidere
1073 2601 1144 2661 limo

329 2697 453 2777 Navigia
473 2710 503 2758 et
523 2699 625 2776 rapido
646 2699 790 2758 desertam
812 2697 929 2758 flamine
951 2699 1074 2759 classem

330 2796 425 2875 Seque
447 2797 514 2856 seris
536 2798 656 2856 credunt
674 2815 726 2875 per
747 2797 849 2856 inertia
870 2795 928 2856 lata
949 2798 1067 2857 marinis

330 2894 409 2954 Tam
431 2915 491 2956 non
514 2896 588 2955 felici
609 2895 761 2955 laniandos
783 2905 860 2956 sorte
882 2895 1013 2974 relinqui.

328 2993 425 3071 Atque
446 2982 548 3071 aliquis
569 3012 654 3071 prora
675 3011 795 3053 caecum
817 2992 948 3053 sublimis
969 2995 999 3052 in
1020 2993 1078 3053 alta

329 3092 407 3152 Aera
427 3093 553 3169 pugnaci
575 3093 698 3151 luctatus
718 3110 852 3169 rumpere
874 3093 945 3164 visu,

330 3189 371 3249 Ut
392 3190 463 3250 nihil
485 3202 586 3268 erepto
607 3191 694 3249 valuit
715 3192 866 3250 dinoscere
887 3190 1009 3262 mundo,

329 3287 484 3348 Obstructa
504 3291 534 3347 in
556 3288 628 3348 tales
647 3288 769 3349 effundit
791 3299 911 3365 pectora
932 3306 1037 3349 voces:

329 3386 399 3458 Quo
421 3386 558 3446 ferimur?
587 3387 658 3465 sugit
679 3387 741 3464 ipse
762 3387 824 3446 dies
845 3387 1005 3464 orbemque
1027 3386 1156 3447 relictum

332 3483 443 3544 Ultima
463 3485 609 3562 perpetuis
631 3484 738 3544 claudit
760 3495 863 3545 natura
883 3485 1020 3545 tenebris·

329 3583 417 3641 Anne
438 3583 497 3641 alio
518 3584 628 3660 positas
649 3584 722 3643 ultra
743 3585 798 3643 sub
819 3583 936 3644 cardine
957 3595 1059 3660 gentes

330 3684 430 3758 Atque
451 3680 539 3740 aliurn
561 3680 660 3741 flabris
681 3683 823 3743 intactum
844 3680 1010 3760 quaerimus
1030 3683 1152 3743 orbem?

330 3776 369 3835 Di
391 3789 529 3839 revocant
550 3799 704 3859 rerumque
726 3791 824 3840 vetant
845 3799 1023 3857 cognoscere
1045 3781 1135 3840 finem

332 3874 471 3937 Mortales
493 3877 614 3938 oculos:
644 3879 739 3939 aliena
759 3879 830 3957 quid
851 3897 979 3956 aequora
1000 3880 1087 3939 remis

329 3973 369 4033 Et
389 3993 488 4036 sacras
509 3976 652 4036 violamus
673 3995 765 4056 aquas
786 3977 942 4056 divumque
963 3978 1077 4056 quietas

331 4073 499 4134 Turbamus
521 4075 625 4136 sedes?
